<record><leader>00000cas a2200000Ma 4500</leader><controlfield tag="001">176000252</controlfield><controlfield tag="007">hg aou---baca</controlfield><controlfield tag="008">930122d17191749pauuu n a     0   a0eng d</controlfield><controlfield tag="009">272</controlfield><datafield ind1=" " ind2=" " tag="010"><subfield code="a">   01015108 </subfield></datafield><datafield ind1=" " ind2=" " tag="040"><subfield code="a">MnMULS</subfield><subfield code="b">eng</subfield><subfield code="c">PUL</subfield><subfield code="d">CBC</subfield></datafield><datafield ind1="0" ind2="4" tag="050"><subfield code="a">AP2.A2</subfield><subfield code="b">A838</subfield></datafield><datafield ind1="0" ind2="4" tag="245"><subfield code="a">The American weekly mercury.</subfield></datafield><datafield ind1=" " ind2=" " tag="260"><subfield code="a">Philadelphia, Pa. :</subfield><subfield code="b">Colonial Society of Pennsylvania,</subfield><subfield code="c">1898-1907.</subfield></datafield><datafield ind1=" " ind2=" " tag="300"><subfield code="a">4 v. ;</subfield><subfield code="c">33 cm.</subfield></datafield><datafield ind1="0" ind2=" " tag="362"><subfield code="a">No. 1 (Dec. 22, 1719)-</subfield></datafield><datafield ind1=" " ind2=" " tag="500"><subfield code="a">"The American weekly mercury ... was the first newspaper published in the middle colonies and the fourth in order of time published in America ...</subfield></datafield><datafield ind1=" " ind2=" " tag="515"><subfield code="a">No. 1 (Dec. 22, 1719)-no. 212 (Jan. 7, 1723) called also: Vol. 1-4.</subfield></datafield><datafield ind1=" " ind2=" " tag="580"><subfield code="a">Reprint. Originally published weekly: Philadelphia, Pa. : Andrew Bradford and John Capson.</subfield></datafield><datafield ind1=" " ind2=" " tag="533"><subfield code="a">Microfilm.</subfield><subfield code="b">New Canaan, CT:</subfield><subfield code="c">Readex,</subfield><subfield code="d">19--.</subfield><subfield code="e">microfilm reels ; 35 mm.</subfield><subfield code="f">(Early American newspapers)</subfield></datafield><datafield ind1=" " ind2=" " tag="539"><subfield code="a">d</subfield><subfield code="b">1719</subfield><subfield code="c">1746</subfield><subfield code="d">ctu</subfield><subfield code="e">u</subfield><subfield code="f">u</subfield><subfield code="g">a</subfield></datafield><datafield ind1="2" ind2=" " tag="710"><subfield code="a">Colonial Society of Pennsylvania.</subfield></datafield><datafield ind1="1" ind2=" " tag="775"><subfield code="t">American weekly mercury</subfield><subfield code="g">1719-1723</subfield></datafield><datafield ind1=" " ind2="0" tag="830"><subfield code="a">Early American newspapers.</subfield></datafield></record>